%YAML 1.1
%TAG !u! tag:unity3d.com,2011:
--- !u!29 &1
SceneSettings:
  m_ObjectHideFlags: 0
  m_PVSData: 
  m_PVSObjectsArray: []
  m_PVSPortalsArray: []
  m_OcclusionBakeSettings:
    smallestOccluder: 5
    smallestHole: 0.25
    backfaceThreshold: 100
--- !u!104 &2
RenderSettings:
  m_ObjectHideFlags: 0
  serializedVersion: 6
  m_Fog: 0
  m_FogColor: {r: 0.5, g: 0.5, b: 0.5, a: 1}
  m_FogMode: 3
  m_FogDensity: 0.01
  m_LinearFogStart: 0
  m_LinearFogEnd: 300
  m_AmbientSkyColor: {r: 0.212, g: 0.227, b: 0.259, a: 1}
  m_AmbientEquatorColor: {r: 0.114, g: 0.125, b: 0.133, a: 1}
  m_AmbientGroundColor: {r: 0.047, g: 0.043, b: 0.035, a: 1}
  m_AmbientIntensity: 1
  m_AmbientMode: 3
  m_SkyboxMaterial: {fileID: 0}
  m_HaloStrength: 0.5
  m_FlareStrength: 1
  m_FlareFadeSpeed: 3
  m_HaloTexture: {fileID: 0}
  m_SpotCookie: {fileID: 10001, guid: 0000000000000000e000000000000000, type: 0}
  m_DefaultReflectionMode: 0
  m_DefaultReflectionResolution: 128
  m_ReflectionBounces: 1
  m_ReflectionIntensity: 1
  m_CustomReflection: {fileID: 0}
  m_Sun: {fileID: 0}
--- !u!157 &3
LightmapSettings:
  m_ObjectHideFlags: 0
  serializedVersion: 6
  m_GIWorkflowMode: 1
  m_LightmapsMode: 1
  m_GISettings:
    serializedVersion: 2
    m_BounceScale: 1
    m_IndirectOutputScale: 1
    m_AlbedoBoost: 1
    m_TemporalCoherenceThreshold: 1
    m_EnvironmentLightingMode: 0
    m_EnableBakedLightmaps: 0
    m_EnableRealtimeLightmaps: 0
  m_LightmapEditorSettings:
    serializedVersion: 3
    m_Resolution: 2
    m_BakeResolution: 40
    m_TextureWidth: 1024
    m_TextureHeight: 1024
    m_AOMaxDistance: 1
    m_Padding: 2
    m_CompAOExponent: 0
    m_LightmapParameters: {fileID: 0}
    m_TextureCompression: 1
    m_FinalGather: 0
    m_FinalGatherRayCount: 1024
    m_ReflectionCompression: 2
  m_LightingDataAsset: {fileID: 0}
  m_RuntimeCPUUsage: 25
--- !u!196 &4
NavMeshSettings:
  serializedVersion: 2
  m_ObjectHideFlags: 0
  m_BuildSettings:
    serializedVersion: 2
    agentRadius: 0.5
    agentHeight: 2
    agentSlope: 45
    agentClimb: 0.4
    ledgeDropHeight: 0
    maxJumpAcrossDistance: 0
    accuratePlacement: 0
    minRegionArea: 2
    cellSize: 0.16666667
    manualCellSize: 0
  m_NavMeshData: {fileID: 0}
--- !u!1 &335797182
GameObject:
  m_ObjectHideFlags: 0
  m_PrefabParentObject: {fileID: 0}
  m_PrefabInternal: {fileID: 0}
  serializedVersion: 4
  m_Component:
  - 4: {fileID: 335797186}
  - 212: {fileID: 335797185}
  - 50: {fileID: 335797184}
  - 61: {fileID: 335797183}
  - 114: {fileID: 335797187}
  m_Layer: 0
  m_Name: MissedEnd
  m_TagString: Untagged
  m_Icon: {fileID: 0}
  m_NavMeshLayer: 0
  m_StaticEditorFlags: 0
  m_IsActive: 1
--- !u!61 &335797183
BoxCollider2D:
  m_ObjectHideFlags: 0
  m_PrefabParentObject: {fileID: 0}
  m_PrefabInternal: {fileID: 0}
  m_GameObject: {fileID: 335797182}
  m_Enabled: 1
  m_Density: 1
  m_Material: {fileID: 0}
  m_IsTrigger: 1
  m_UsedByEffector: 0
  m_Offset: {x: 0, y: 0}
  serializedVersion: 2
  m_Size: {x: 0.16, y: 0.16}
--- !u!50 &335797184
Rigidbody2D:
  serializedVersion: 2
  m_ObjectHideFlags: 0
  m_PrefabParentObject: {fileID: 0}
  m_PrefabInternal: {fileID: 0}
  m_GameObject: {fileID: 335797182}
  m_UseAutoMass: 0
  m_Mass: 1
  m_LinearDrag: 0
  m_AngularDrag: 0.05
  m_GravityScale: 1
  m_IsKinematic: 1
  m_Interpolate: 0
  m_SleepingMode: 1
  m_CollisionDetection: 0
  m_Constraints: 0
--- !u!212 &335797185
SpriteRenderer:
  m_ObjectHideFlags: 0
  m_PrefabParentObject: {fileID: 0}
  m_PrefabInternal: {fileID: 0}
  m_GameObject: {fileID: 335797182}
  m_Enabled: 1
  m_CastShadows: 0
  m_ReceiveShadows: 0
  m_Materials:
  - {fileID: 10754, guid: 0000000000000000e000000000000000, type: 0}
  m_SubsetIndices: 
  m_StaticBatchRoot: {fileID: 0}
  m_UseLightProbes: 0
  m_ReflectionProbeUsage: 0
  m_ProbeAnchor: {fileID: 0}
  m_ScaleInLightmap: 1
  m_PreserveUVs: 0
  m_IgnoreNormalsForChartDetection: 0
  m_ImportantGI: 0
  m_MinimumChartSize: 4
  m_AutoUVMaxDistance: 0.5
  m_AutoUVMaxAngle: 89
  m_LightmapParameters: {fileID: 0}
  m_SortingLayerID: 0
  m_SortingOrder: 0
  m_Sprite: {fileID: 10911, guid: 0000000000000000f000000000000000, type: 0}
  m_Color: {r: 1, g: 1, b: 1, a: 1}
  m_FlipX: 0
  m_FlipY: 0
--- !u!4 &335797186
Transform:
  m_ObjectHideFlags: 0
  m_PrefabParentObject: {fileID: 0}
  m_PrefabInternal: {fileID: 0}
  m_GameObject: {fileID: 335797182}
  m_LocalRotation: {x: 0, y: 0, z: 0, w: 1}
  m_LocalPosition: {x: -4.99, y: 7, z: 0.7558594}
  m_LocalScale: {x: 50, y: 10, z: 1}
  m_Children: []
  m_Father: {fileID: 0}
  m_RootOrder: 4
--- !u!114 &335797187
MonoBehaviour:
  m_ObjectHideFlags: 0
  m_PrefabParentObject: {fileID: 0}
  m_PrefabInternal: {fileID: 0}
  m_GameObject: {fileID: 335797182}
  m_Enabled: 1
  m_EditorHideFlags: 0
  m_Script: {fileID: 11500000, guid: dd76bfbc27d064047ae0b402d4ce549b, type: 3}
  m_Name: 
  m_EditorClassIdentifier: 
--- !u!1 &643735029
GameObject:
  m_ObjectHideFlags: 0
  m_PrefabParentObject: {fileID: 0}
  m_PrefabInternal: {fileID: 0}
  serializedVersion: 4
  m_Component:
  - 4: {fileID: 643735030}
  m_Layer: 0
  m_Name: ButtonStartW
  m_TagString: Button1
  m_Icon: {fileID: 0}
  m_NavMeshLayer: 0
  m_StaticEditorFlags: 0
  m_IsActive: 1
--- !u!4 &643735030
Transform:
  m_ObjectHideFlags: 0
  m_PrefabParentObject: {fileID: 0}
  m_PrefabInternal: {fileID: 0}
  m_GameObject: {fileID: 643735029}
  m_LocalRotation: {x: 0, y: 0, z: 0, w: 1}
  m_LocalPosition: {x: -0.0175, y: 0, z: 0}
  m_LocalScale: {x: 1, y: 1, z: 1}
  m_Children: []
  m_Father: {fileID: 1424692021}
  m_RootOrder: 1
--- !u!1 &1297027285
GameObject:
  m_ObjectHideFlags: 0
  m_PrefabParentObject: {fileID: 0}
  m_PrefabInternal: {fileID: 0}
  serializedVersion: 4
  m_Component:
  - 4: {fileID: 1297027287}
  - 212: {fileID: 1297027286}
  - 114: {fileID: 1297027289}
  - 50: {fileID: 1297027290}
  - 61: {fileID: 1297027288}
  m_Layer: 0
  m_Name: PlayerArrowEnd
  m_TagString: Untagged
  m_Icon: {fileID: 0}
  m_NavMeshLayer: 0
  m_StaticEditorFlags: 0
  m_IsActive: 1
--- !u!212 &1297027286
SpriteRenderer:
  m_ObjectHideFlags: 0
  m_PrefabParentObject: {fileID: 0}
  m_PrefabInternal: {fileID: 0}
  m_GameObject: {fileID: 1297027285}
  m_Enabled: 1
  m_CastShadows: 0
  m_ReceiveShadows: 0
  m_Materials:
  - {fileID: 10754, guid: 0000000000000000e000000000000000, type: 0}
  m_SubsetIndices: 
  m_StaticBatchRoot: {fileID: 0}
  m_UseLightProbes: 0
  m_ReflectionProbeUsage: 0
  m_ProbeAnchor: {fileID: 0}
  m_ScaleInLightmap: 1
  m_PreserveUVs: 0
  m_IgnoreNormalsForChartDetection: 0
  m_ImportantGI: 0
  m_MinimumChartSize: 4
  m_AutoUVMaxDistance: 0.5
  m_AutoUVMaxAngle: 89
  m_LightmapParameters: {fileID: 0}
  m_SortingLayerID: 0
  m_SortingOrder: 0
  m_Sprite: {fileID: 10905, guid: 0000000000000000f000000000000000, type: 0}
  m_Color: {r: 0, g: 0, b: 0, a: 1}
  m_FlipX: 0
  m_FlipY: 0
--- !u!4 &1297027287
Transform:
  m_ObjectHideFlags: 0
  m_PrefabParentObject: {fileID: 0}
  m_PrefabInternal: {fileID: 0}
  m_GameObject: {fileID: 1297027285}
  m_LocalRotation: {x: 0, y: 0, z: 0, w: 1}
  m_LocalPosition: {x: -5, y: 3.95, z: 0}
  m_LocalScale: {x: 50, y: 10, z: 1}
  m_Children: []
  m_Father: {fileID: 0}
  m_RootOrder: 3
--- !u!61 &1297027288
BoxCollider2D:
  m_ObjectHideFlags: 0
  m_PrefabParentObject: {fileID: 0}
  m_PrefabInternal: {fileID: 0}
  m_GameObject: {fileID: 1297027285}
  m_Enabled: 1
  m_Density: 1
  m_Material: {fileID: 0}
  m_IsTrigger: 1
  m_UsedByEffector: 0
  m_Offset: {x: 0, y: 0}
  serializedVersion: 2
  m_Size: {x: 0.16, y: 0.16}
--- !u!114 &1297027289
MonoBehaviour:
  m_ObjectHideFlags: 0
  m_PrefabParentObject: {fileID: 0}
  m_PrefabInternal: {fileID: 0}
  m_GameObject: {fileID: 1297027285}
  m_Enabled: 1
  m_EditorHideFlags: 0
  m_Script: {fileID: 11500000, guid: a6d509e752599f44b892872da1bbf490, type: 3}
  m_Name: 
  m_EditorClassIdentifier: 
--- !u!50 &1297027290
Rigidbody2D:
  serializedVersion: 2
  m_ObjectHideFlags: 0
  m_PrefabParentObject: {fileID: 0}
  m_PrefabInternal: {fileID: 0}
  m_GameObject: {fileID: 1297027285}
  m_UseAutoMass: 0
  m_Mass: 1
  m_LinearDrag: 0
  m_AngularDrag: 0.05
  m_GravityScale: 1
  m_IsKinematic: 1
  m_Interpolate: 0
  m_SleepingMode: 1
  m_CollisionDetection: 0
  m_Constraints: 0
--- !u!1 &1422566139
GameObject:
  m_ObjectHideFlags: 0
  m_PrefabParentObject: {fileID: 0}
  m_PrefabInternal: {fileID: 0}
  serializedVersion: 4
  m_Component:
  - 4: {fileID: 1422566140}
  m_Layer: 0
  m_Name: ButtonStartA
  m_TagString: Button0
  m_Icon: {fileID: 0}
  m_NavMeshLayer: 0
  m_StaticEditorFlags: 0
  m_IsActive: 1
--- !u!4 &1422566140
Transform:
  m_ObjectHideFlags: 0
  m_PrefabParentObject: {fileID: 0}
  m_PrefabInternal: {fileID: 0}
  m_GameObject: {fileID: 1422566139}
  m_LocalRotation: {x: 0, y: 0, z: 0, w: 1}
  m_LocalPosition: {x: -0.05, y: 0, z: 0}
  m_LocalScale: {x: 1, y: 1, z: 1}
  m_Children: []
  m_Father: {fileID: 1424692021}
  m_RootOrder: 0
--- !u!1 &1424692020
GameObject:
  m_ObjectHideFlags: 0
  m_PrefabParentObject: {fileID: 0}
  m_PrefabInternal: {fileID: 0}
  serializedVersion: 4
  m_Component:
  - 4: {fileID: 1424692021}
  m_Layer: 0
  m_Name: ButtonStarts
  m_TagString: Untagged
  m_Icon: {fileID: 0}
  m_NavMeshLayer: 0
  m_StaticEditorFlags: 0
  m_IsActive: 1
--- !u!4 &1424692021
Transform:
  m_ObjectHideFlags: 0
  m_PrefabParentObject: {fileID: 0}
  m_PrefabInternal: {fileID: 0}
  m_GameObject: {fileID: 1424692020}
  m_LocalRotation: {x: 0, y: 0, z: 0, w: 1}
  m_LocalPosition: {x: 0, y: 0, z: 0}
  m_LocalScale: {x: 1, y: 1, z: 1}
  m_Children:
  - {fileID: 1422566140}
  - {fileID: 643735030}
  - {fileID: 1882939953}
  - {fileID: 1996485581}
  m_Father: {fileID: 1775646942}
  m_RootOrder: 0
--- !u!1 &1628375895
GameObject:
  m_ObjectHideFlags: 0
  m_PrefabParentObject: {fileID: 0}
  m_PrefabInternal: {fileID: 0}
  serializedVersion: 4
  m_Component:
  - 4: {fileID: 1628375897}
  - 114: {fileID: 1628375896}
  m_Layer: 0
  m_Name: GameManager
  m_TagString: Untagged
  m_Icon: {fileID: 0}
  m_NavMeshLayer: 0
  m_StaticEditorFlags: 0
  m_IsActive: 1
--- !u!114 &1628375896
MonoBehaviour:
  m_ObjectHideFlags: 0
  m_PrefabParentObject: {fileID: 0}
  m_PrefabInternal: {fileID: 0}
  m_GameObject: {fileID: 1628375895}
  m_Enabled: 1
  m_EditorHideFlags: 0
  m_Script: {fileID: 11500000, guid: 18e84421814044c4892619553f80f47d, type: 3}
  m_Name: 
  m_EditorClassIdentifier: 
  button:
  - {fileID: 187812, guid: 74209a732ae124d49928f4eb4689e9cd, type: 2}
  - {fileID: 118918, guid: 114fe66eb52df4f4fa97762fad3c4af7, type: 2}
  - {fileID: 173944, guid: b4c944130a9e5c448b26af037a008c7e, type: 2}
  - {fileID: 142556, guid: 653a2b8a0409b694cade2b96ab78b005, type: 2}
  buttonStart:
  - {fileID: 1422566139}
  - {fileID: 643735029}
  - {fileID: 1882939952}
  - {fileID: 1996485580}
  totalTime: 0
  missedBeats: 0
--- !u!4 &1628375897
Transform:
  m_ObjectHideFlags: 0
  m_PrefabParentObject: {fileID: 0}
  m_PrefabInternal: {fileID: 0}
  m_GameObject: {fileID: 1628375895}
  m_LocalRotation: {x: 0, y: 0, z: 0, w: 1}
  m_LocalPosition: {x: 0, y: 0, z: 0}
  m_LocalScale: {x: 1, y: 1, z: 1}
  m_Children: []
  m_Father: {fileID: 0}
  m_RootOrder: 1
--- !u!1 &1775646940
GameObject:
  m_ObjectHideFlags: 0
  m_PrefabParentObject: {fileID: 0}
  m_PrefabInternal: {fileID: 0}
  serializedVersion: 4
  m_Component:
  - 4: {fileID: 1775646942}
  - 212: {fileID: 1775646941}
  m_Layer: 0
  m_Name: PlayerWASDStart
  m_TagString: Untagged
  m_Icon: {fileID: 0}
  m_NavMeshLayer: 0
  m_StaticEditorFlags: 0
  m_IsActive: 1
--- !u!212 &1775646941
SpriteRenderer:
  m_ObjectHideFlags: 0
  m_PrefabParentObject: {fileID: 0}
  m_PrefabInternal: {fileID: 0}
  m_GameObject: {fileID: 1775646940}
  m_Enabled: 1
  m_CastShadows: 0
  m_ReceiveShadows: 0
  m_Materials:
  - {fileID: 10754, guid: 0000000000000000e000000000000000, type: 0}
  m_SubsetIndices: 
  m_StaticBatchRoot: {fileID: 0}
  m_UseLightProbes: 0
  m_ReflectionProbeUsage: 0
  m_ProbeAnchor: {fileID: 0}
  m_ScaleInLightmap: 1
  m_PreserveUVs: 0
  m_IgnoreNormalsForChartDetection: 0
  m_ImportantGI: 0
  m_MinimumChartSize: 4
  m_AutoUVMaxDistance: 0.5
  m_AutoUVMaxAngle: 89
  m_LightmapParameters: {fileID: 0}
  m_SortingLayerID: 0
  m_SortingOrder: 0
  m_Sprite: {fileID: 10907, guid: 0000000000000000f000000000000000, type: 0}
  m_Color: {r: 1, g: 0, b: 0.7241378, a: 1}
  m_FlipX: 0
  m_FlipY: 0
--- !u!4 &1775646942
Transform:
  m_ObjectHideFlags: 0
  m_PrefabParentObject: {fileID: 0}
  m_PrefabInternal: {fileID: 0}
  m_GameObject: {fileID: 1775646940}
  m_LocalRotation: {x: 0, y: 0, z: 0, w: 1}
  m_LocalPosition: {x: -5, y: -2, z: 0}
  m_LocalScale: {x: 50, y: 10, z: 1}
  m_Children:
  - {fileID: 1424692021}
  m_Father: {fileID: 0}
  m_RootOrder: 2
--- !u!1 &1877459876
GameObject:
  m_ObjectHideFlags: 0
  m_PrefabParentObject: {fileID: 0}
  m_PrefabInternal: {fileID: 0}
  serializedVersion: 4
  m_Component:
  - 4: {fileID: 1877459881}
  - 20: {fileID: 1877459880}
  - 92: {fileID: 1877459879}
  - 124: {fileID: 1877459878}
  - 81: {fileID: 1877459877}
  m_Layer: 0
  m_Name: Main Camera
  m_TagString: MainCamera
  m_Icon: {fileID: 0}
  m_NavMeshLayer: 0
  m_StaticEditorFlags: 0
  m_IsActive: 1
--- !u!81 &1877459877
AudioListener:
  m_ObjectHideFlags: 0
  m_PrefabParentObject: {fileID: 0}
  m_PrefabInternal: {fileID: 0}
  m_GameObject: {fileID: 1877459876}
  m_Enabled: 1
--- !u!124 &1877459878
Behaviour:
  m_ObjectHideFlags: 0
  m_PrefabParentObject: {fileID: 0}
  m_PrefabInternal: {fileID: 0}
  m_GameObject: {fileID: 1877459876}
  m_Enabled: 1
--- !u!92 &1877459879
Behaviour:
  m_ObjectHideFlags: 0
  m_PrefabParentObject: {fileID: 0}
  m_PrefabInternal: {fileID: 0}
  m_GameObject: {fileID: 1877459876}
  m_Enabled: 1
--- !u!20 &1877459880
Camera:
  m_ObjectHideFlags: 0
  m_PrefabParentObject: {fileID: 0}
  m_PrefabInternal: {fileID: 0}
  m_GameObject: {fileID: 1877459876}
  m_Enabled: 1
  serializedVersion: 2
  m_ClearFlags: 1
  m_BackGroundColor: {r: 0.19215687, g: 0.3019608, b: 0.4745098, a: 0.019607844}
  m_NormalizedViewPortRect:
    serializedVersion: 2
    x: 0
    y: 0
    width: 1
    height: 1
  near clip plane: 0.3
  far clip plane: 1000
  field of view: 60
  orthographic: 1
  orthographic size: 5
  m_Depth: -1
  m_CullingMask:
    serializedVersion: 2
    m_Bits: 4294967295
  m_RenderingPath: -1
  m_TargetTexture: {fileID: 0}
  m_TargetDisplay: 0
  m_TargetEye: 3
  m_HDR: 0
  m_OcclusionCulling: 1
  m_StereoConvergence: 10
  m_StereoSeparation: 0.022
  m_StereoMirrorMode: 0
--- !u!4 &1877459881
Transform:
  m_ObjectHideFlags: 0
  m_PrefabParentObject: {fileID: 0}
  m_PrefabInternal: {fileID: 0}
  m_GameObject: {fileID: 1877459876}
  m_LocalRotation: {x: 0, y: 0, z: 0, w: 1}
  m_LocalPosition: {x: 0, y: 0, z: -10}
  m_LocalScale: {x: 1, y: 1, z: 1}
  m_Children: []
  m_Father: {fileID: 0}
  m_RootOrder: 0
--- !u!1 &1882939952
GameObject:
  m_ObjectHideFlags: 0
  m_PrefabParentObject: {fileID: 0}
  m_PrefabInternal: {fileID: 0}
  serializedVersion: 4
  m_Component:
  - 4: {fileID: 1882939953}
  m_Layer: 0
  m_Name: ButtonStartS
  m_TagString: Button2
  m_Icon: {fileID: 0}
  m_NavMeshLayer: 0
  m_StaticEditorFlags: 0
  m_IsActive: 1
--- !u!4 &1882939953
Transform:
  m_ObjectHideFlags: 0
  m_PrefabParentObject: {fileID: 0}
  m_PrefabInternal: {fileID: 0}
  m_GameObject: {fileID: 1882939952}
  m_LocalRotation: {x: 0, y: 0, z: 0, w: 1}
  m_LocalPosition: {x: 0.0175, y: 0, z: 0}
  m_LocalScale: {x: 1, y: 1, z: 1}
  m_Children: []
  m_Father: {fileID: 1424692021}
  m_RootOrder: 2
--- !u!1 &1996485580
GameObject:
  m_ObjectHideFlags: 0
  m_PrefabParentObject: {fileID: 0}
  m_PrefabInternal: {fileID: 0}
  serializedVersion: 4
  m_Component:
  - 4: {fileID: 1996485581}
  m_Layer: 0
  m_Name: ButtonStartD
  m_TagString: Button3
  m_Icon: {fileID: 0}
  m_NavMeshLayer: 0
  m_StaticEditorFlags: 0
  m_IsActive: 1
--- !u!4 &1996485581
Transform:
  m_ObjectHideFlags: 0
  m_PrefabParentObject: {fileID: 0}
  m_PrefabInternal: {fileID: 0}
  m_GameObject: {fileID: 1996485580}
  m_LocalRotation: {x: 0, y: 0, z: 0, w: 1}
  m_LocalPosition: {x: 0.05, y: 0, z: 0}
  m_LocalScale: {x: 1, y: 1, z: 1}
  m_Children: []
  m_Father: {fileID: 1424692021}
  m_RootOrder: 3
